@article{art1,
    author  = "Erlend Nier, Jing Yang, Tanju Y., Amadeo A.",
    title   = "{N}etwork models and financial stability",
    year    = "2007",
    journal = "Journal of Economic Dynamics \& Control",
}

@article{art2,
    author  = "Stefano Battiston, Michelangelo Puliga, Rahul Kaushik., Amadeo A.",
    title   = "{D}ebtRank: Too Central to Fail ? Financial Networks, the FED and Systemic Risk",
    year    = "2012",
    journal = "Scientific Reports",
}

@article{art3,
    author  = "Paul Erdos \& Alfred Renyi.",
    title   = "On random graphs I",
    note   = "\url{snap.stanford.edu/class/cs224w-readings/erdos59random.pdf}",
    year    = "1959 (last checked 2018)"
}

@article{art4,
    author = {V. Kashirin, Victor},
    year = {2014},
    month = {12},
    pages = {2401-2411},
    title = {Evolutionary Simulation of Complex Networks Structures with Specific Topological Properties},
    volume = {29},
    journal = {Procedia Computer Science},
    doi = {10.1016/j.procs.2014.05.224}
}

@article{art5,
    title = "Russian Interbank Network Reconstruction via Metaheuristic Algorithm",
    journal = "Procedia Computer Science",
    volume = "108",
    pages = "1318 - 1326",
    year = "2017",
    note = "International Conference on Computational Science, ICCS 2017, 12-14 June 2017, Zurich, Switzerland",
    issn = "1877-0509",
    doi = "https://doi.org/10.1016/j.procs.2017.05.236",
    url = "http://www.sciencedirect.com/science/article/pii/S1877050917308633",
    author = "Valentina Y. Guleva and Vyacheslav V. Povazhnyuk and Klavdiya O. Bochenina and Alexander V. Boukhanovsky"
}


@article{art6,
    title = "Local rewiring rules for evolving complex networks",
    journal = "Physica A: Statistical Mechanics and its Applications",
    volume = "416",
    pages = "80 - 89",
    year = "2014",
    issn = "0378-4371",
    doi = "https://doi.org/10.1016/j.physa.2014.08.046",
    url = "http://www.sciencedirect.com/science/article/pii/S0378437114007316",
    author = "E.R. Colman and G.J. Rodgers",
}


@misc{git,
    author    = "Anas Bachiri \& Karlis Briedis",
    title     = "Contagion in financial networks GitHub repository",
    note   = "\url{https://github.com/kmbriedis/msss_project}",
     year    = "2018"
}

@MISC{Wiki,
    author = {{Wikipedia, the free encyclopedia}},
    title = {Financial crisis of 2008-2009},
    year = {2013},
    note = "\url{https://en.wikipedia.org/wiki/Financial_crisis_of_2007\%E2\%80\%932008}",
    note = {[Online; accessed Dec 8, 2018]},

}

@book{latexcompanion,
    author    = "Michel Goossens and Frank Mittelbach and Alexander Samarin",
    title     = "The \LaTeX\ Companion",
    year      = "1993",
    publisher = "Addison-Wesley",
    address   = "Reading, Massachusetts"
}
 
